2766 4512
243 394 266 458 4
397 396 400 410 ¹
484 381 833 440 rnreouonermm
851 391 985 440 culum

285 607 538 706 complementum
552 631 656 692 arene,
672 525 906 676 estlilill'erentia
917 609 985 698 ejus
999 631 1019 681 a
1031 609 1219 697 quadrante.

295 796 415 862 chorda
429 796 489 864 live
500 799 645 888 subtmsa
659 713 810 865 estldddia
828 797 913 866 linea
925 797 967 866 ab
981 819 1046 866 uno
1060 820 1153 866 arcus
1167 807 1231 864 ter-

248 881 340 950 drino
351 882 392 948 ad
406 881 545 950 alterum
558 881 665 960 ducta.
879 915 880 918 ¹

295 1053 386 1118 Sinus
407 1060 503 1118 rmus
524 1051 659 1140 alicujus
682 969 786 1135 ardui,
809 1053 866 1144 qui
889 1068 924 1120 ct
948 1053 1127 1141 fimpliciter
1150 1055 1234 1120 finut

249 1136 315 1204 dici
330 1139 421 1220 solet,
439 1139 481 1204 et
504 1139 774 1226 perpendicularis
794 1140 912 1205 cadens
926 1140 966 1204 ab
981 1161 1048 1204 uno
1061 1141 1152 1206 arcus
1167 1153 1233 1204 ter·
1318 1206 1320 1209 ,

249 1223 344 1376 terguni
353 1223 400 1376 eg
407 1223 598 1290 diametrum
620 1246 675 1312 per
688 1223 825 1292 alterum
840 1223 1013 1290 terminum
1028 1223 1168 1312 ejusdem
1182 1246 1234 1288 ar·

294 1330 308 1374 s
346 1332 367 1374 u
401 1331 469 1374 um.

295 1463 393 1531 Corol.
412 1487 442 1532 1.
474 1466 528 1530 Est
541 1465 642 1554 igitur
662 1466 744 1532 finus
757 1467 864 1533 redius
879 1465 1012 1555 alicujus
1026 1489 1117 1533 arcus
1137 1466 1233 1533 semi-

249 1551 394 1618 fubtensa
416 1550 505 1636 dupli
531 1573 642 1618 arcus:
674 1552 795 1618 scilicet
816 1554 860 1617 est
881 1573 905 1618 n
920 1573 941 1616 n
956 1581 988 1611 =
1005 1555 1023 1635 ξ
1042 1573 1065 1616 n
1079 1573 1114 1634 0,
1136 1565 1170 1618 et
1192 1553 1236 1618 cst

249 1635 748 1724 arcusuoduplusipfiusue.
780 1636 858 1704 Vide
873 1639 1127 1726 Fig.1.Tab.1.
1164 1704 1166 1713 ,
1239 1727 1243 1734 ¹

296 1793 394 1861 Corol.
412 1815 443 1862 c.
466 1795 555 1860 Hinc
577 1795 660 1861 smus
673 1817 764 1862 arcus
778 1795 818 1862 tri
846 1796 914 1860 'nta
926 1794 1088 1883 graduum
1103 1792 1235 1880 {equalis

250 1881 295 1946 est
316 1878 452 1945 dimidio
471 1879 563 1959 radii,
580 1903 654 1946 nam
717 1901 732 1944 r
749 1901 786 1966 15
809 1817 861 1946 Egi.
876 1880 920 1946 iv.
943 1883 1043 1945 Latus
1062 1878 1237 1967 Hexagcni

250 1965 372 2031 circulo
394 1963 547 2052 inscripti,
563 1965 626 2030 hoc
649 1902 716 2052 eff
727 1964 873 2034 subtensa
893 1964 1056 2053 sexaginta
1072 1964 1234 2054 graduum

229 2092 232 2106 ·
252 2050 384 2140 aequalis
398 2050 442 2115 est
458 2049 559 2116 radio.

295 2238 393 2304 Sinus
407 2237 523 2307 dividit
536 2238 659 2304 radium
675 2155 790 2304 initii>
803 2238 968 2306 seo-menta
983 2261 1030 2306 cn
1050 2259 1072 2303 n
1085 2260 1105 2304 n
1118 2266 1133 2340 3,
1152 2259 1234 2339 quo·

237 2346 324 2392 -rum
340 2347 442 2388 unum
464 2343 519 2389 ce
539 2323 627 2412 quod
649 2338 760 2390 centro
780 2338 814 2389 et
845 2348 901 2391 mu
921 2326 1011 2392 recle
1023 2325 1234 2410 interemitur,
1338 2358 1341 2366 ·

252 2411 296 2476 est
310 2409 392 2474 finus
407 2409 635 2496 complementi
656 2431 747 2476 arcus
773 2431 797 2474 1>
810 2431 831 2474 Β
846 2411 888 2475 ad
910 2411 1131 2498 quadrantem,
1149 2413 1244 2497 (nami

252 2496 297 2560 est
312 2515 366 2561 cu
381 2523 413 2555 =
430 2515 485 2560 ru
503 2495 561 2583 qui
582 2495 626 2560 est
646 2495 728 2562 smus
749 2517 841 2562 arcus
859 2517 883 2560 u
895 2501 948 2580 n‚)
965 2508 999 2562 et
1018 2507 1149 2562 vocatur
1164 2495 1234 2580 cost-

251 2604 322 2646 nus.

706 2666 785 2730 Vll.

295 2753 446 2818 Alterum
471 2753 671 2852 segmentum
698 2770 768 2830 nu,
783 2749 869 2837 quod
895 2750 962 2814 smu
984 2747 1072 2816 redo
1096 2759 1131 2820 et
1151 2747 1235 2834 peri·
1268 2755 1272 2761 “

251 2836 364 2926 pheria
376 2835 587 2923 interciprtur,
601 2846 733 2902 vocatur
743 2835 832 2923 finus
852 2837 974 2922 versus:
996 2831 1169 2922 aliquando
1183 2832 1236 2898 di-

253 2923 338 2990 citur
352 2944 444 2988 arcus
447 2921 581 3010 sagitta.
699 3006 784 3070 vm
838 2941 840 2946 ·

298 3093 398 3160 Quod
420 3093 440 3157 sr
464 3113 640 3179 perunum
662 3111 756 3156 arcus
776 3089 950 3156 terminum
968 3111 993 3154 n
1012 3088 1205 3178 producatur
1217 3110 1238 3153 a

254 3193 366 3244 cent-ro
387 3179 473 3243 reda
495 3198 566 3257 co,
588 3175 692 3241 donec
713 3189 858 3244 occurrat
877 3176 972 3240 redae
988 3197 1009 3240 n
1024 3195 1048 3239 e
1063 3173 1238 3260 superdu-

254 3278 360 3327 metro
380 3263 421 3327 ad
444 3261 512 3348 ejus
535 3261 709 3326 terminum
730 3283 751 3326 n
776 3259 1050 3348 perpendiculari3
1073 3259 1239 3324 vocabitur
1264 3269 1267 3284 ¹

153 3395 157 3401 -
254 3347 287 3424 in
302 3345 564 3436 Trigonometrla
579 3348 760 3432 essemus,
775 3358 809 3412 et
822 3367 843 3412 Β
856 3365 879 3410 e
894 3359 1020 3432 tangens
1034 3365 1126 3411 arcus
1142 3365 1167 3410 n
1180 3363 1216 3409 B.

715 3456 776 3523 IX.

296 3541 453 3608 Cosecans
475 3550 510 3605 et
530 3551 705 3628 cotangens
725 3563 817 3606 arcus
838 3542 882 3606 est
901 3541 1008 3606 secans
1029 3540 1081 3605 vel
1102 3553 1240 3627 tangens

253 3649 357 3709 arcus,
374 3626 431 3714 qui
445 3625 489 3691 est
503 3627 775 3712 complementum
790 3626 922 3691 alterius
937 3625 979 3690 ad
992 3625 1214 3712 quadrantem.

298 3752 390 3818 Nota.
414 3753 507 3817 Sicut
521 3751 631 3818 eadem
648 3753 690 3817 est
705 3751 824 3817 chorda
837 3773 929 3816 arcus
944 3764 977 3816 et
995 3749 1135 3839 ejusdem
1151 3771 1242 3816 com·
1350 3785 1361 3801 -

252 3837 408 3924 plementi
431 3837 472 3901 ad
491 3837 665 3917 ¹circulum,
682 3837 721 3900 fic
745 3837 829 3902 idem
854 3838 900 3900 est'
918 3837 1013 3918 finus,
1029 3836 1140 3902 eadem
1165 3845 1239 3898 tan·

137 3979 139 3986 .
200 3987 205 4009 ,
253 3945 347 4009 gens,
363 3921 538 4008 eademque
560 3922 667 3990 secans
685 3943 776 3990 arcus
796 3934 829 3990 et
849 3921 988 4010 ejusdem
1010 3918 1240 4010 complementi

251 4007 295 4087 ¹ad
314 4007 560 4075 semicirculum.

1076 4103 1121 4176 X.
1145 4105 1242 4176 Sinus
