2766 4512
520 361 745 416 cunnum.
864 399 868 408 .

137 701 223 822 ‘De'
237 700 482 847 Ressululione
519 693 821 850 lliuugulutum
856 698 1128 854 Retiunguloss

194 903 283 955 rum
301 873 602 983 Splaerieorum,
615 893 694 979 per
710 873 876 986 quinque
885 887 1024 982 partes
1041 875 1118 958 cir-
1211 895 1215 898 ’

195 1007 357 1090 coloret.
859 1041 862 1046 ·

135 1193 488 1316 PERPENSISanalo
512 1223 562 1304 iis,
572 1223 690 1314 quibus
704 1222 864 1312 triangula
873 1221 1025 1374 spherica
1035 1225 1118 1291 reci-

136 1308 257 1396 angula
278 1309 454 1391 solvuntur,
478 1335 479 1340 ¹
509 1311 636 1375 ominus
658 1309 814 1396 Neperus‚
837 1331 879 1374 no
904 1309 955 1374 ilis
976 1309 1032 1375 ille
1051 1314 1118 1377 Lo·

135 1395 372 1484 gunthmorum
397 1397 560 1475 Inventor,
582 1396 661 1460 duas
685 1395 880 1482 excogitavit
900 1395 1121 1484 regulas'me-'

135 1481 239 1546 moria
251 1479 345 1544 facile
359 1479 550 1559 retinendas,
565 1501 699 1568 quarum
715 1503 735 1544 o
787 1499 899 1544 omnes
913 1480 1049 1552 sedecim
1065 1505 1120 1548 ca·

135 1565 189 1631 sus
209 1565 320 1630 resolvi
340 1565 467 1653 poliunt
477 1589 486 1644 3
510 1587 585 1628 nam
601 1587 673 1628 cum
689 1564 723 1629 in
763 1563 822 1629 isce
836 1565 1017 1654 triangulis,
1033 1589 1118 1667 prae·

136 1665 187 1717 ter
200 1651 354 1738 angulum
369 1651 506 1732 rectum,
521 1649 579 1714 lint
599 1651 660 1714 tria
679 1649 778 1716 latera
798 1662 833 1736 et
844 1651 917 1734 ‘duo
931 1651 1055 1738 anguli,
1069 1653 1118 1717 la·

136 1749 205 1802 tera
230 1737 385 1824 angulum
416 1737 538 1801 retium
568 1732 890 1822 comprehendentia,'
911 1736 1119 1823 hypotenusae

135 1833 244 1886 autem
266 1835 298 1886 et
312 1821 508 1909 reliquorum
525 1819 714 1908 angulorum
731 1821 976 1908 complementa,
993 1819 1120 1888 vocav'it

135 1909 288 1995 Neperus
298 1921 400 1995 partes
415 1906 580 1972 circulares.
614 1908 740 1970 Etcum
756 1906 839 1970 datae
853 1907 926 1974 sunt
940 1907 1013 1970 duae
1028 1929 1118 1995 quee-

133 1993 217 2058 libet
236 2007 353 2082 pentec,
369 2005 402 2056 et
421 1991 573 2079 quaeritur
593 1991 697 2070 tertia,
717 1991 831 2057 harum
846 1991 943 2056 trium
958 2014 1033 2073 una,
1046 2009 1120 2080 quae

136 2077 256 2142 dicitur
265 2091 339 2166 pars
356 2075 464 2156 media,
480 2077 531 2142 vel
544 2075 666 2166 adjacet
679 2076 804 2142 duobus
820 2076 951 2163 reliquis
967 2077 1119 2163 partibus,

137 2185 211 2256 quae
225 2163 332 2248 itaque
346 2176 500 2227 vocantur
514 2175 652 2226 extreme
666 2161 852 2248 adjacentem
875 2162 926 2226 vel
941 2164 1045 2228 neutri
1060 2164 1118 2230 ad-

131 2247 233 2338 jacet,
257 2249 290 2311 in
315 2270 381 2335 quo
403 2249 487 2326 casu,
509 2247 663 2312 dicuntur
685 2259 822 2321 extrem
845 2248 977 2334 oppositae
985 2271 995 2328 3
1032 2247 1072 2314 fic
1097 2249 1119 2334 ll

138 2331 410 2420 complementum
432 2356 472 2396 an
520 2333 581 2397 lin
599 2343 817 2422 ponaturpare
838 2333 954 2412 media,
971 2355 1043 2398 crus
1060 2355 1118 2400 Au
1156 2405 1161 2416 ,

137 2433 171 2483 et
185 2417 457 2506 complementum
473 2356 679 2506 lipotenusae
697 2438 750 2482 uc
765 2419 838 2483 sunt
851 2429 953 2504 partes
968 2431 1119 2484 extremae
1150 2422 1185 2517 p)

137 2504 317 2592 adjacentes
325 2527 336 2582 ;
364 2515 397 2567 at
418 2504 689 2588 complementum
712 2503 823 2591 anguli
849 2523 881 2584 c,
897 2516 930 2568 et
952 2503 1034 2569 latus
1060 2525 1118 2572 Ac
1166 2495 1171 2515 ς

82 2635 86 2642 -
136 2589 209 2654 sunt
223 2589 547 2675 extremae·0ppofitae.
592 2591 675 2652 Item
691 2589 791 2674 pofito
805 2585 1042 2675 complemento
1054 2591 1118 2678 hy3

55 2697 57 2700 ·
136 2673 297 2762 potenusae
322 2694 377 2738 ec
395 2687 483 2760 parte
501 2673 618 2753 media,
633 2674 869 2760 complementa
889 2674 1079 2760 angulorum
1096 2695 1119 2740 u

137 2773 172 2825 et
193 2781 213 2824 c
234 2758 307 2826 suut
326 2771 477 2824 extremae
500 2759 699 2847 adjacentes3
722 2771 756 2823 et
780 2777 836 2823 Au
861 2777 915 2823 nc
936 2779 1028 2824 crura
1044 2759 1120 2826 sunt

137 2858 287 2910 extremae
301 2845 461 2932 oppofitae.
485 2845 539 2909 Sic
552 2844 648 2908 ctiam
663 2844 763 2930 posito
773 2865 863 2908 crure
877 2862 932 2908 Au
945 2857 1034 2931 pente
1048 2867 1119 2910 me·

136 2929 201 3010 dia,
214 2929 485 3016 complementum
500 2929 611 3019 anguli
632 2951 668 3010 u,
680 2943 714 2994 et
727 2950 782 2994 Ac
804 2930 877 2994 sunt
894 2942 1045 2994 extremae
1059 2931 1118 2996 ad-

16 3051 18 3056 ·
128 3012 297 3113 ltcesstssst
319 3036 393 3081 nam
407 3005 545 3102 angulus
560 3014 664 3082 reclus
679 3035 702 3078 A
718 3037 780 3080 non
795 3013 958 3101 intercipit
968 3013 1117 3103 adjacen-

137 3114 228 3178 tiam,
240 3099 317 3184 quia
330 3120 394 3162 non
407 3100 450 3163 est
464 3122 533 3186 pars
546 3099 722 3165 circularis.
760 3101 811 3165 ⁴At
825 3099 930 3164 eidem
944 3101 1026 3188 parti
1046 3123 1117 3166 me-

135 3183 199 3248 diae
215 3183 486 3271 complementum
506 3185 616 3272 anguli
634 3206 654 3249 c
669 3198 703 3249 et
719 3185 988 3272 complementum
1013 3185 1057 3274 hy
1081 3207 1118 3251 o-

136 3268 300 3360 potcnusae
314 3289 336 3334 u
346 3289 366 3334 c
376 3269 454 3335 *sunt
468 3279 620 3335 extremae
634 3270 791 3358 oppofitae.
815 3269 912 3336 Hisce
922 3271 1033 3360 praemi
1056 3293 1097 3359 te.

401 3560 402 3566 t
446 3500 808 3594 neouuummu.
865 3589 868 3597 .

135 3635 176 3702 ln
198 3634 348 3723 triangulo
371 3638 542 3724 reciangulo
552 3637 711 3728 spiceum,
734 3629 939 3726 rettaigulum
949 3635 1011 3722 sub
1032 3634 1119 3702 radio

137 3715 145 3764 '=
179 3733 209 3783 et
219 3721 291 3806 finu'
306 3723 404 3808 partis
418 3723 534 3802 medice,
549 3721 715 3812 aquuleest
732 3720 902 3808 retiangulo
912 3721 975 3810 sub
989 3731 1118 3810 tongen-

179 3807 256 3870 tibus
268 3808 402 3894 partium
415 3807 624 3897 adjacentium.

646 4109 698 4159 cz
933 4089 1120 4156 REGULA
1167 4112 1168 4116 ¹

1326 2314 1332 2332 ,
1348 2312 1371 2416 s'
